<record><leader>00000cas a2200000 a 4500</leader><controlfield tag="001">25065436</controlfield><controlfield tag="008">920108d19091923azuwr ne      0   a0eng d</controlfield><datafield ind1=" " ind2=" " tag="010"><subfield code="a">sn 95060791 </subfield></datafield><datafield ind1=" " ind2=" " tag="040"><subfield code="a">AZS</subfield><subfield code="b">eng</subfield><subfield code="c">AZS</subfield><subfield code="d">ANN</subfield><subfield code="d">OCLCQ</subfield><subfield code="d">OCLCF</subfield><subfield code="d">DLC</subfield></datafield><datafield ind1="0" ind2=" " tag="022"><subfield code="a">2375-1762</subfield><subfield code="2">1</subfield></datafield><datafield ind1=" " ind2=" " tag="042"><subfield code="a">msc</subfield><subfield code="a">nsdp</subfield></datafield><datafield ind1=" " ind2=" " tag="043"><subfield code="a">n-us-az</subfield></datafield><datafield ind1="0" ind2="0" tag="050"><subfield code="a">Newspaper</subfield></datafield><datafield ind1="0" ind2="0" tag="082"><subfield code="a">071</subfield><subfield code="2">23</subfield></datafield><datafield ind1=" " ind2=" " tag="090"><subfield code="a">AN2.H56</subfield><subfield code="b">H62x</subfield></datafield><datafield ind1="0" ind2=" " tag="130"><subfield code="a">Holbrook news (Holbrook, Ariz.)</subfield></datafield><datafield ind1=" " ind2="4" tag="222"><subfield code="a">The Holbrook news</subfield><subfield code="b">(Holbrook, Ariz. Print)</subfield></datafield><datafield ind1="1" ind2="4" tag="245"><subfield code="a">The Holbrook news.</subfield></datafield><datafield ind1=" " ind2=" " tag="260"><subfield code="a">Holbrook, Navajo County [Ariz.] :</subfield><subfield code="b">S. Sapp,</subfield><subfield code="c">1909-1923.</subfield></datafield><datafield ind1=" " ind2=" " tag="300"><subfield code="a">v.</subfield></datafield><datafield ind1=" " ind2=" " tag="310"><subfield code="a">Weekly</subfield></datafield><datafield ind1="0" ind2=" " tag="362"><subfield code="a">Vol. 1, no. 1 (May 14, 1909)-v. 15, no. 40 (Feb 9, 1923).</subfield></datafield><datafield ind1=" " ind2=" " tag="500"><subfield code="a">Publisher varies: Holbrook News Publishing Co., Mar. 29, 1912-Mar. 12, 1915; G.M. Braxton, Mar. 19, 1915-&lt;Dec. 31, 1915&gt;</subfield></datafield><datafield ind1=" " ind2=" " tag="530"><subfield code="a">Archived issues are available in digital format from the Library of Congress Chronicling America online collection.</subfield></datafield><datafield ind1=" " ind2=" " tag="580"><subfield code="a">Merged with: Holbrook tribune, to form: Holbrook tribune [and] Holbrook news.</subfield></datafield><datafield ind1=" " ind2="0" tag="651"><subfield code="a">Holbrook (Ariz.)</subfield><subfield code="v">Newspapers.</subfield></datafield><datafield ind1=" " ind2="0" tag="651"><subfield code="a">Navajo County (Ariz.)</subfield><subfield code="v">Newspapers.</subfield></datafield><datafield ind1=" " ind2="7" tag="651"><subfield code="a">Arizona</subfield><subfield code="z">Holbrook.</subfield><subfield code="2">fast</subfield><subfield code="0">(OCoLC)fst01216936</subfield></datafield><datafield ind1=" " ind2="7" tag="651"><subfield code="a">Arizona</subfield><subfield code="z">Navajo County.</subfield><subfield code="2">fast</subfield><subfield code="0">(OCoLC)fst01217273</subfield></datafield><datafield ind1=" " ind2="7" tag="655"><subfield code="a">Newspapers.</subfield><subfield code="2">fast</subfield><subfield code="0">(OCoLC)fst01423814</subfield></datafield><datafield ind1=" " ind2=" " tag="752"><subfield code="a">United States</subfield><subfield code="b">Arizona</subfield><subfield code="c">Navajo</subfield><subfield code="d">Holbrook.</subfield></datafield><datafield ind1="0" ind2="8" tag="776"><subfield code="i">Online version:</subfield><subfield code="t">Holbrook news (Holbrook, Ariz. : Online)</subfield><subfield code="x">2375-1770</subfield><subfield code="w">(DLC)  2014218611</subfield><subfield code="w">(OCoLC)887952262</subfield></datafield><datafield ind1="1" ind2="7" tag="785"><subfield code="t">Holbrook tribune</subfield><subfield code="w">(DLC)sn 95060792</subfield><subfield code="w">(OCoLC)25085929</subfield></datafield><datafield ind1="1" ind2="7" tag="785"><subfield code="t">Holbrook tribune [and] Holbrook news</subfield><subfield code="w">(DLC)sn 94052374</subfield><subfield code="w">(OCoLC)30632666</subfield></datafield><datafield ind1="4" ind2="1" tag="856"><subfield code="u">http://www.loc.gov/chroniclingamerica/lccn/sn95060791/issues</subfield></datafield><datafield ind1="1" ind2=" " tag="029"><subfield code="a">AU@</subfield><subfield code="b">000011994117</subfield></datafield></record>